@article{einstein,
    author =       "Albert Einstein",
    title =        "{Zur Elektrodynamik bewegter K{\"o}rper}. ({German})
        [{On} the electrodynamics of moving bodies]",
    journal =      "Annalen der Physik",
    volume =       "322",
    number =       "10",
    pages =        "891--921",
    year =         "1905",
    DOI =          "http://dx.doi.org/10.1002/andp.19053221004"
}
 
@book{latexcompanion,
    author    = "Michel Goossens and Frank Mittelbach and Alexander Samarin",
    title     = "The \LaTeX\ Companion",
    year      = "1993",
    publisher = "Addison-Wesley",
    address   = "Reading, Massachusetts"
}
 
@misc{knuthwebsite,
    author    = "Donald Knuth",
    title     = "Knuth: Computers and Typesetting",
    url       = "http://www-cs-faculty.stanford.edu/\~{}uno/abcde.html"
}


@article{pls2,
    author =       "Ildiko Frank and Jerome Friedman",
    title =        "A Statistical View of Some Chemometrics Regressoin Tools",
    publisher = "Taylor & Francis, Ltd. on behalf of American Statistical Association and American Society for Quality",
    journal =      "Technometrics",
    volume =       "35",
    number =       "2",
    pages =        "109-135",
    year =         "1993",
    DOI =          "10.2307/1269656"
}

@misc{pls1,
  author = "Randall D. Tobias",
  title = "An Introduction to Partial Least Squares Regression",
  year="2011"
}

@article{hopls,
  author    = "Q. Zhao, C. Caiafa, D. Mandic, Z. Chao, Y. Nagasaka, N. Fujii, L. Zhang, and A. Cichocki",
  title     = "Higher-Order Partial Least Squares (HOPLS): A Generalized Multi-Linear
               Regression Method",
  journal   = "CoRR",
  volume    = "abs/1207.1230",
  year      = "2012",
  timestamp = "Wed, 10 Oct 2012 21:28:54 +0200",
  url = "",
  biburl    = "http://dblp.uni-trier.de/rec/bib/journals/corr/abs-1207-1230",
  bibsource = "dblp computer science bibliography, http://dblp.org"
}

@article {npls,
author = "Bro, Rasmus",
title = "Multiway calibration. Multilinear PLS",
journal = "Journal of Chemometrics",
volume = "10",
number = "1",
publisher = "John Wiley & Sons, Ltd.",
issn = "1099-128X",
doi = "10.1002/(SICI)1099-128X(199601)10:1<47::AID-CEM400>3.0.CO;2-C",
pages = "47--61",
url=""
keywords = "multilinear PLS, multiway calibration, unfold methods",
year = "1996"
}
% Check out: http://www.models.life.ku.dk/~rasmus/presentations/Npls_sugar/npls.htm

@article{Kolda1,
 author = {Kolda, Tamara G. and Bader, Brett W.},
 title = {Tensor Decompositions and Applications},
 journal = {SIAM Rev.},
 issue_date = {August 2009},
 volume = {51},
 number = {3},
 month = aug,
 year = {2009},
 issn = {0036-1445},
 pages = {455--500},
 numpages = {46},
 doi = {10.1137/07070111X},
 acmid = {1655230},
 url={}
 publisher = {Society for Industrial and Applied Mathematics},
 address = {Philadelphia, PA, USA},
 keywords = {canonical decomposition (CANDECOMP), higher-order principal components analysis (Tucker), higher-order singular value decomposition (HOSVD), multilinear algebra, multiway arrays, parallel factors (PARAFAC), tensor decompositions}
} 


@article{sPCArSVD,
	Author = {Haipeng Shen and Jianhua Z. Huang},
	Doi = {http://dx.doi.org/10.1016/j.jmva.2007.06.007},
	Issn = {0047-259X},
	Journal = {Journal of Multivariate Analysis},
	Keywords = {Thresholding},
	Number = {6},
	Pages = {1015 - 1034},
	Title = {Sparse principal component analysis via regularized low rank matrix approximation},
	Volume = {99},
	url={},
	Year = {2008}}

@article{Bro20013,
	Author = {Rasmus Bro and Age K. Smilde and Sijmen de Jong},
	Doi = {https://doi.org/10.1016/S0169-7439(01)00134-4},
	Issn = {0169-7439},
	Journal = {Chemometrics and Intelligent Laboratory Systems},
	Keywords = {Tucker3},
	Number = {1},
	Pages = {3 - 13},
	Title = {On the difference between low-rank and subspace approximation: improved model for multi-linear \{PLS\} regression},
	Volume = {58},
	url = {},
	Year = {2001}}

@article{Beauchamp,
	Author = {I. Schepers, D. Yoshor, and M. Beauchamp},
	Doi = {10.1093/cercor/bhu127},
	Journal = {Cerebral Cortex},
	Title = {Electrocorticography Reveals Enhanced Visual Cortex Responses to Visual Speech},
	Year = {2015}}
	
@INPROCEEDINGS{6638324,
author={Q. Zhao and G. Zhou and T. Adalı and L. Zhang and A. Cichocki},
booktitle={2013 IEEE International Conference on Acoustics, Speech and Signal Processing},
title={Kernel-based tensor partial least squares for reconstruction of limb movements},
year={2013},
pages={3577-3581},
keywords={probability;regression analysis;signal reconstruction;tensors;3D movement trajectory reconstruction;electrocorticography signals;kernel machines;kernel-based tensor;learning process;limb movement reconstruction;multilinear structure;multimode product kernels;multiway array decompositions;partial least squares;probabilistic generative models;supervised tensor regression method;tensorial data;Biological system modeling;Kernel;Matrix decomposition;Tensile stress;Three-dimensional displays;Trajectory;Vectors;ECoG;Tensors;kernels;motion trajectory;partial least squares},
doi={10.1109/ICASSP.2013.6638324},
ISSN={1520-6149},
month={May},}


 @article{ga_tensors,
    Author={G. I. Allen},
    Title={Regularized Tensor Factorizations and Higher-Order Principal Components Analysis},
    Year={2012},
    Doi={arXiv:1202.2476}}
    
@misc{TTB_Software,
  author = {Brett W. Bader and Tamara G. Kolda and others},
  title = {MATLAB Tensor Toolbox Version 2.6},
  howpublished = {Available online},
  month = {February},
  year = {2015},
  url = {http://www.sandia.gov/~tgkolda/TensorToolbox/}
}

@misc{nwaytoolbox,
    author = {C. Andersson and R. Bro},
    title = {The N-way Toolbox for MATLAB Chemometrics & Intelligent Laboratory Systems},
    year = {2000},
    url = {http://www.models.life.ku.dk/source/nwaytoolbox}}
    
@ARTICLE{10.3389/fneng.2014.00014,
AUTHOR={Martin, Stéphanie and Brunner, Peter and Holdgraf, Chris and Heinze, Hans-Jochen and Crone, Nathan E. and Rieger, Jochem and Schalk, Gerwin and Knight, Robert T. and Pasley, Brian N.},    
TITLE={Decoding spectrotemporal features of overt and covert speech from the human cortex}, 
JOURNAL={Frontiers in Neuroengineering},      	
VOLUME={7},      
PAGES={14},     	
YEAR={2014},      	  
URL={http://journal.frontiersin.org/article/10.3389/fneng.2014.00014},       	
DOI={10.3389/fneng.2014.00014},      	
ISSN={1662-6443}
}

@INPROCEEDINGS{Allen12sparsehigher-order,
    author = {Genevera I. Allen},
    title = {Sparse higher-order principal components analysis},
    booktitle = {In Proceedings of 15th International Conference on Artificial Intelligence and Statistics, Canary Islands},
    year = {2012},
    pages = {27--36}
}